<record><leader>00000cas a22000007a 4500</leader><controlfield tag="001">15138156</controlfield><controlfield tag="008">870131d18711872iauwr ne      0    0eng d</controlfield><datafield ind1=" " ind2=" " tag="010"><subfield code="a">sn 87057315 </subfield></datafield><datafield ind1=" " ind2=" " tag="040"><subfield code="a">INP</subfield><subfield code="b">eng</subfield><subfield code="c">INP</subfield><subfield code="d">OCLCQ</subfield></datafield><datafield ind1=" " ind2=" " tag="042"><subfield code="a">msc</subfield></datafield><datafield ind1="0" ind2="4" tag="245"><subfield code="a">The Weekly Iowa mercury.</subfield></datafield><datafield ind1="3" ind2="0" tag="246"><subfield code="a">Iowa mercury</subfield></datafield><datafield ind1="1" ind2="3" tag="246"><subfield code="a">Mercury</subfield><subfield code="f">July 14-28, 1871</subfield></datafield><datafield ind1=" " ind2=" " tag="260"><subfield code="a">Villisca, Iowa :</subfield><subfield code="b">Mercury Print. Co.,</subfield><subfield code="c">1871-</subfield></datafield><datafield ind1=" " ind2=" " tag="300"><subfield code="a">v. :</subfield><subfield code="b">ill.</subfield></datafield><datafield ind1=" " ind2=" " tag="310"><subfield code="a">Weekly</subfield></datafield><datafield ind1="0" ind2=" " tag="362"><subfield code="a">Vol. l, no. 1 (July 14, 1871)-</subfield></datafield><datafield ind1="1" ind2=" " tag="362"><subfield code="a">Ceased in Feb. 1872.</subfield><subfield code="z">Cf. Bibl. of Iowa newspapers.</subfield></datafield><datafield ind1=" " ind2=" " tag="500"><subfield code="a">Published as: Iowa mercury, July 21-&lt;Dec. 29, 1871&gt;.</subfield></datafield><datafield ind1=" " ind2=" " tag="752"><subfield code="a">United States</subfield><subfield code="b">Iowa</subfield><subfield code="c">Montgomery</subfield><subfield code="d">Villisca.</subfield></datafield><datafield ind1="0" ind2="0" tag="785"><subfield code="t">Villisca weekly review</subfield><subfield code="w">(DLC)sn 84027400</subfield></datafield></record>